%---------------------------------------------------------------------------%
%-                                                                         -%
%-                             Bibliography                                -%
%-                                                                         -%
%---------------------------------------------------------------------------%

@article{Gando:2010aa,
	author         = "Gando, A. and others",
	title          = "{Constraints on $\theta_{13}$ from A Three-Flavor
	Oscillation Analysis of Reactor Antineutrinos at KamLAND}",
	collaboration  = "KamLAND",
	journal        = "Phys. Rev.",
	volume         = "D83",
	year           = "2011",
	pages          = "052002",
	doi            = "10.1103/PhysRevD.83.052002",
	eprint         = "1009.4771",
	archivePrefix  = "arXiv",
	primaryClass   = "hep-ex",
	SLACcitation   = "%%CITATION = ARXIV:1009.4771;%%"
}
@article{PhysRevD.98.030001,
	title = {Review of Particle Physics},
	author = {Tanabashi, M. and others},
	collaboration = {Particle Data Group},
	journal = {Phys. Rev. D},
	volume = {98},
	issue = {3},
	pages = {030001},
	numpages = {1898},
	year = {2018},
	month = {Aug},
	publisher = {American Physical Society},
	doi = {10.1103/PhysRevD.98.030001},
	url = {https://link.aps.org/doi/10.1103/PhysRevD.98.030001}
}
@article{An:2016srz,
	author         = "An, Feng Peng and others",
	title          = "{Improved Measurement of the Reactor Antineutrino Flux
	and Spectrum at Daya Bay}",
	collaboration  = "Daya Bay",
	journal        = "Chin. Phys.",
	volume         = "C41",
	year           = "2017",
	number         = "1",
	pages          = "013002",
	doi            = "10.1088/1674-1137/41/1/013002",
	eprint         = "1607.05378",
	archivePrefix  = "arXiv",
	primaryClass   = "hep-ex",
	SLACcitation   = "%%CITATION = ARXIV:1607.05378;%%"
}
@article{Abe:2009aa,
	author         = "Abe, S. and others",
	title          = "{Production of Radioactive Isotopes through Cosmic Muon
	Spallation in KamLAND}",
	collaboration  = "KamLAND",
	journal        = "Phys. Rev.",
	volume         = "C81",
	year           = "2010",
	pages          = "025807",
	doi            = "10.1103/PhysRevC.81.025807",
	eprint         = "0907.0066",
	archivePrefix  = "arXiv",
	primaryClass   = "hep-ex",
	SLACcitation   = "%%CITATION = ARXIV:0907.0066;%%"
}
@article{DayaBay:2012aa,
	author         = "An, F. P. and others",
	title          = "{A side-by-side comparison of Daya Bay antineutrino
	detectors}",
	collaboration  = "Daya Bay",
	journal        = "Nucl. Instrum. Meth.",
	volume         = "A685",
	year           = "2012",
	pages          = "78-97",
	doi            = "10.1016/j.nima.2012.05.030",
	eprint         = "1202.6181",
	archivePrefix  = "arXiv",
	primaryClass   = "physics.ins-det",
	SLACcitation   = "%%CITATION = ARXIV:1202.6181;%%"
}
@article{Aharmim:2011vm,
	author         = "Aharmim, B. and others",
	title          = "{Combined Analysis of all Three Phases of Solar Neutrino
	Data from the Sudbury Neutrino Observatory}",
	collaboration  = "SNO",
	journal        = "Phys. Rev.",
	volume         = "C88",
	year           = "2013",
	pages          = "025501",
	doi            = "10.1103/PhysRevC.88.025501",
	eprint         = "1109.0763",
	archivePrefix  = "arXiv",
	primaryClass   = "nucl-ex",
	SLACcitation   = "%%CITATION = ARXIV:1109.0763;%%"
}
%---------------------------------------------------------------------------%
